@inproceedings{Rifi2017,
  author    = {Nabil Rifi and
               Elie Rachkidi and
               Nazim Agoulmine and
               Nada Chendeb Taher},
  title     = {Towards using blockchain technology for IoT data access protection},
  booktitle = {17th {IEEE} International Conference on Ubiquitous Wireless Broadband,
               {ICUWB} 2017, Salamanca, Spain, September 12-15, 2017},
  pages     = {1--5},
  publisher = {{IEEE}},
  year      = {2017},
  url       = {https://doi.org/10.1109/ICUWB.2017.8251003},
  doi       = {10.1109/ICUWB.2017.8251003},
  timestamp = {Wed, 16 Oct 2019 14:14:55 +0200},
  biburl    = {https://dblp.org/rec/conf/icuwb/RifiRAT17.bib},
  bibsource = {dblp computer science bibliography, https://dblp.org}
}

@article{Zhaofeng2021,
  author    = {Zhaofeng Ma and
               Jialin Meng and
               Jihui Wang and
               Zhiguang Shan},
  title     = {Blockchain-Based Decentralized Authentication Modeling Scheme in Edge
               and IoT Environment},
  journal   = {{IEEE} Internet Things J.},
  volume    = {8},
  number    = {4},
  pages     = {2116--2123},
  year      = {2021},
  url       = {https://doi.org/10.1109/JIOT.2020.3037733},
  doi       = {10.1109/JIOT.2020.3037733},
  timestamp = {Tue, 02 Mar 2021 11:25:16 +0100},
  biburl    = {https://dblp.org/rec/journals/iotj/MaMWS21.bib},
  bibsource = {dblp computer science bibliography, https://dblp.org}
}


@article{Rajasekaran2023,
  author    = {Arun Sekar Rajasekaran and
               Maria Azees and
               Maheswar Rajagopal and
               Josip Lorincz},
  title     = {Blockchain Enabled Anonymous Privacy-Preserving Authentication Scheme
               for Internet of Health Things},
  journal   = {Sensors},
  volume    = {23},
  number    = {1},
  pages     = {240},
  year      = {2023},
  url       = {https://doi.org/10.3390/s23010240},
  doi       = {10.3390/s23010240},
  timestamp = {Thu, 26 Jan 2023 17:00:19 +0100},
  biburl    = {https://dblp.org/rec/journals/sensors/RajasekaranARL23.bib},
  bibsource = {dblp computer science bibliography, https://dblp.org}
}


@article{Bao2023,
  author    = {Zijian Bao and
               Debiao He and
               Muhammad Khurram Khan and
               Min Luo and
               Qi Xie},
  title     = {{PBidm}: Privacy-Preserving Blockchain-Based Identity Management System
               for Industrial Internet of Things},
  journal   = {{IEEE} Trans. Ind. Informatics},
  volume    = {19},
  number    = {2},
  pages     = {1524--1534},
  year      = {2023},
  url       = {https://doi.org/10.1109/TII.2022.3206798},
  doi       = {10.1109/TII.2022.3206798},
  timestamp = {Sun, 15 Jan 2023 18:31:19 +0100},
  biburl    = {https://dblp.org/rec/journals/tii/BaoHKLX23.bib},
  bibsource = {dblp computer science bibliography, https://dblp.org}
}


@article{Goyat2022,
  author    = {Rekha Goyat and
               Gulshan Kumar and
               Mamoun Alazab and
               Mauro Conti and
               Mritunjay Kumar Rai and
               Reji Thomas and
               Rahul Saha and
               Tai{-}Hoon Kim},
  title     = {Blockchain-Based Data Storage With Privacy and Authentication in Internet
               of Things},
  journal   = {{IEEE} Internet Things J.},
  volume    = {9},
  number    = {16},
  pages     = {14203--14215},
  year      = {2022},
  url       = {https://doi.org/10.1109/JIOT.2020.3019074},
  doi       = {10.1109/JIOT.2020.3019074},
  timestamp = {Thu, 25 Aug 2022 08:36:05 +0200},
  biburl    = {https://dblp.org/rec/journals/iotj/GoyatKACRTSK22.bib},
  bibsource = {dblp computer science bibliography, https://dblp.org}
}


@article{Sarfraz2019,
  author    = {Umair Sarfraz and
               Masoom Alam and
               Sherali Zeadally and
               Abid Khan},
  title     = {Privacy aware {IOTA} ledger: Decentralized mixing and unlinkable {IOTA}
               transactions},
  journal   = {Comput. Networks},
  volume    = {148},
  pages     = {361--372},
  year      = {2019},
  url       = {https://doi.org/10.1016/j.comnet.2018.11.019},
  doi       = {10.1016/j.comnet.2018.11.019},
  timestamp = {Mon, 15 Jun 2020 16:53:45 +0200},
  biburl    = {https://dblp.org/rec/journals/cn/SarfrazAZK19.bib},
  bibsource = {dblp computer science bibliography, https://dblp.org}
}


@inproceedings{Harrigan2016,
  author    = {Martin Harrigan and
               Christoph Fretter},
  title     = {The Unreasonable Effectiveness of Address Clustering},
  booktitle = {2016 Intl {IEEE} Conferences on Ubiquitous Intelligence {\&} Computing,
               Advanced and Trusted Computing, Scalable Computing and Communications,
               Cloud and Big Data Computing, Internet of People, and Smart World
               Congress (UIC/ATC/ScalCom/CBDCom/IoP/SmartWorld), Toulouse, France,
               July 18-21, 2016},
  pages     = {368--373},
  publisher = {{IEEE} Computer Society},
  year      = {2016},
  url       = {https://doi.org/10.1109/UIC-ATC-ScalCom-CBDCom-IoP-SmartWorld.2016.0071},
  doi       = {10.1109/UIC-ATC-ScalCom-CBDCom-IoP-SmartWorld.2016.0071},
  timestamp = {Thu, 14 Oct 2021 10:33:45 +0200},
  biburl    = {https://dblp.org/rec/conf/uic/HarriganF16.bib},
  bibsource = {dblp computer science bibliography, https://dblp.org}
}


@inproceedings{Glaeser2022,
  author    = {Noemi Glaeser and
               Matteo Maffei and
               Giulio Malavolta and
               Pedro Moreno{-}Sanchez and
               Erkan Tairi and
               Sri Aravinda Krishnan Thyagarajan},
  editor    = {Heng Yin and
               Angelos Stavrou and
               Cas Cremers and
               Elaine Shi},
  title     = {Foundations of Coin Mixing Services},
  booktitle = {Proceedings of the 2022 {ACM} {SIGSAC} Conference on Computer and
               Communications Security, {CCS} 2022, Los Angeles, CA, USA, November
               7-11, 2022},
  pages     = {1259--1273},
  publisher = {{ACM}},
  year      = {2022},
  url       = {https://doi.org/10.1145/3548606.3560637},
  doi       = {10.1145/3548606.3560637},
  timestamp = {Sat, 17 Dec 2022 01:15:29 +0100},
  biburl    = {https://dblp.org/rec/conf/ccs/GlaeserMMMTT22.bib},
  bibsource = {dblp computer science bibliography, https://dblp.org}
}

@article{Simoes2021,
  author       = {Jefferson E. Sim{\~{o}}es and
                  Eduardo Ferreira and
                  Daniel S. Menasch{\'{e}} and
                  Carlos Alberto Vieira Campos},
  title        = {Blockchain Privacy Through Merge Avoidance and Mixing Services: a
                  Hardness and an Impossibility Result},
  journal      = {{SIGMETRICS} Perform. Evaluation Rev.},
  volume       = {48},
  number       = {4},
  pages        = {8--11},
  year         = {2021},
  url          = {https://doi.org/10.1145/3466826.3466831},
  doi          = {10.1145/3466826.3466831},
  timestamp    = {Fri, 11 Jun 2021 08:37:49 +0200},
  biburl       = {https://dblp.org/rec/journals/sigmetrics/SimoesFMC21.bib},
  bibsource    = {dblp computer science bibliography, https://dblp.org}
}

@article{Nakamoto2008,
author = {Nakamoto, Satoshi},
year = {2009},
month = {03},
pages = {},
title = {Bitcoin: A Peer-to-Peer Electronic Cash System},
journal = {Cryptography Mailing list at https://metzdowd.com}
}



@article{Chen2022,
  author    = {Xuan Chen and
               Kien Nguyen and
               Hiroo Sekiya},
  title     = {On the Latency Performance in Private Blockchain Networks},
  journal   = {{IEEE} Internet Things J.},
  volume    = {9},
  number    = {19},
  pages     = {19246--19259},
  year      = {2022},
  url       = {https://doi.org/10.1109/JIOT.2022.3165666},
  doi       = {10.1109/JIOT.2022.3165666},
  timestamp = {Tue, 18 Oct 2022 22:17:39 +0200},
  biburl    = {https://dblp.org/rec/journals/iotj/ChenNS22.bib},
  bibsource = {dblp computer science bibliography, https://dblp.org}
}


@article{Okegbile2022,
  author    = {Samuel Dayo Okegbile and
               Jun Cai and
               Attahiru Sule Alfa},
  title     = {Performance Analysis of Blockchain-Enabled Data-Sharing Scheme in
               Cloud-Edge Computing-Based {IoT} Networks},
  journal   = {{IEEE} Internet Things J.},
  volume    = {9},
  number    = {21},
  pages     = {21520--21536},
  year      = {2022},
  url       = {https://doi.org/10.1109/JIOT.2022.3181556},
  doi       = {10.1109/JIOT.2022.3181556},
  timestamp = {Sun, 13 Nov 2022 17:52:43 +0100},
  biburl    = {https://dblp.org/rec/journals/iotj/OkegbileCA22.bib},
  bibsource = {dblp computer science bibliography, https://dblp.org}
}


@article{Brotsis2021,
  author    = {Sotirios Brotsis and
               Konstantinos Limniotis and
               Gueltoum Bendiab and
               Nicholas Kolokotronis and
               Stavros Shiaeles},
  title     = {On the suitability of blockchain platforms for {IoT} applications: Architectures,
               security, privacy, and performance},
  journal   = {Comput. Networks},
  volume    = {191},
  pages     = {108005},
  year      = {2021},
  url       = {https://doi.org/10.1016/j.comnet.2021.108005},
  doi       = {10.1016/j.comnet.2021.108005},
  timestamp = {Thu, 29 Apr 2021 15:12:59 +0200},
  biburl    = {https://dblp.org/rec/journals/cn/BrotsisLBKS21.bib},
  bibsource = {dblp computer science bibliography, https://dblp.org}
}


@article{Fan2021,
  author    = {Caixiang Fan and
               Sara Ghaemi and
               Hamzeh Khazaei and
               Yuxiang Chen and
               Petr Mus{\'{\i}}lek},
  title     = {Performance Analysis of the {IOTA} DAG-Based Distributed Ledger},
  journal   = {{ACM} Trans. Model. Perform. Evaluation Comput. Syst.},
  volume    = {6},
  number    = {3},
  pages     = {10:1--10:20},
  year      = {2021},
  url       = {https://doi.org/10.1145/3485188},
  doi       = {10.1145/3485188},
  timestamp = {Sat, 08 Jan 2022 02:23:56 +0100},
  biburl    = {https://dblp.org/rec/journals/tompecs/FanGKCM21.bib},
  bibsource = {dblp computer science bibliography, https://dblp.org}
}


@article{Andola2021,
  author    = {Nitish Andola and
               Raghav and
               Vijay Kumar Yadav and
               S. Venkatesan and
               Shekhar Verma},
  title     = {Anonymity on blockchain based e-cash protocols - {A} survey},
  journal   = {Comput. Sci. Rev.},
  volume    = {40},
  pages     = {100394},
  year      = {2021},
  url       = {https://doi.org/10.1016/j.cosrev.2021.100394},
  doi       = {10.1016/j.cosrev.2021.100394},
  timestamp = {Wed, 23 Jun 2021 18:16:59 +0200},
  biburl    = {https://dblp.org/rec/journals/csr/AndolaRYVV21.bib},
  bibsource = {dblp computer science bibliography, https://dblp.org}}
  
  
  @inproceedings{Seres2019,
  author    = {Istv{\'{a}}n Andr{\'{a}}s Seres and
               D{\'{a}}niel A. Nagy and
               Chris Buckland and
               P{\'{e}}ter Burcsi},
  editor    = {Vincent Danos and
               Maurice Herlihy and
               Maria Potop{-}Butucaru and
               Julien Prat and
               Sara Tucci Piergiovanni},
  title     = {MixEth: Efficient, Trustless Coin Mixing Service for Ethereum},
  booktitle = {International Conference on Blockchain Economics, Security and Protocols,
               Tokenomics 2019, May 6-7, 2019, Paris, France},
  series    = {OASIcs},
  volume    = {71},
  pages     = {13:1--13:20},
  publisher = {Schloss Dagstuhl - Leibniz-Zentrum f{\"{u}}r Informatik},
  year      = {2019},
  url       = {https://doi.org/10.4230/OASIcs.Tokenomics.2019.13},
  doi       = {10.4230/OASIcs.Tokenomics.2019.13},
  timestamp = {Mon, 21 Dec 2020 13:23:22 +0100},
  biburl    = {https://dblp.org/rec/conf/tokenomics/SeresNBB19.bib},
  bibsource = {dblp computer science bibliography, https://dblp.org}
}



     @misc{Hearn2013,
      author    = {Mike Hearn},
      title     = {{Merge avoidance. A note on privacy-enhancing techniques in the Bitcoin protocol}},
      year      = {2013},
      howpublished = "\url{https://blog.plan99.net/merge-avoidance-7f95a386692f}",
      url       = {https://blog.plan99.net/merge-avoidance-7f95a386692f}
    }
    
    
    @ARTICLE{Li2022,
  author={Li, Tian and Wang, Huaqun and He, Debiao and Yu, Jia},
  journal={IEEE Internet of Things Journal}, 
  title={Blockchain-Based Privacy-Preserving and Rewarding Private Data Sharing for {IoT}}, 
  year={2022},
  volume={9},
  number={16},
  pages={15138-15149},
  doi={10.1109/JIOT.2022.3147925}}
  
  
  @article{Asheralieva2021,
  author    = {Alia Asheralieva and
               Dusit Niyato},
  title     = {Throughput-Efficient {L}agrange Coded Private Blockchain for Secured
               {IoT} Systems},
  journal   = {{IEEE} Internet Things J.},
  volume    = {8},
  number    = {19},
  pages     = {14874--14895},
  year      = {2021},
  url       = {https://doi.org/10.1109/JIOT.2021.3071563},
  doi       = {10.1109/JIOT.2021.3071563},
  timestamp = {Tue, 05 Oct 2021 10:02:02 +0200},
  biburl    = {https://dblp.org/rec/journals/iotj/AsheralievaN21.bib},
  bibsource = {dblp computer science bibliography, https://dblp.org}
}

     @misc{Kokoris-Kogias2022,
      author    = {Lefteris Kokoris-Kogias},
      title     = {{Understanding Blockchain Latency and Throughput}},
      year      = {2022},
      howpublished = "\url{https://www.paradigm.xyz/2022/07/consensus-throughput}",
      url       = {https://www.paradigm.xyz/2022/07/consensus-throughput}
    }
    
    @misc{tradingview2022,
  author       = {TradingView},
  title        = {{Bitcoin (BTC), Ethereum (ETH) dominance - their market cap relative to the market cap of all other cryptocurrencies in the world - on November 15, 2022}},
  year         = {2022},
  month        = {November 15},
  howpublished = "\url{https://www.statista.com/statistics/1269302/crypto-market-share/ } Graph]. In Statista",
  url={https://www-statista-com.mediaproxy.imtbs-tsp.eu/statistics/1269302/crypto-market-share/}}
}
    
    @misc{nasdaq2023,
  author       = {Nasdaq Data},
  title        = {Bitcoin Number of Transaction per Block},
  year         = {2023},
  month        = {April},
  howpublished = "\url{https://data.nasdaq.com/data/BCHAIN/NTRBL }",
  url={https://data.nasdaq.com/data/BCHAIN/NTRBL}
}


@article{Alshaikhli2022,
  author       = {Mays Alshaikhli and
                  Tarek Elfouly and
                  Omar Elharrouss and
                  Amr Mohamed and
                  Najmath Ottakath},
  title        = {Evolution of Internet of Things From Blockchain to {IOTA:} {A} Survey},
  journal      = {{IEEE} Access},
  volume       = {10},
  pages        = {844--866},
  year         = {2022},
  url          = {https://doi.org/10.1109/ACCESS.2021.3138353},
  doi          = {10.1109/ACCESS.2021.3138353},
  timestamp    = {Wed, 07 Dec 2022 23:00:36 +0100},
  biburl       = {https://dblp.org/rec/journals/access/AlshaikhliEEMO22.bib},
  bibsource    = {dblp computer science bibliography, https://dblp.org}
}

@misc{Back2002,
  title={Hashcash - A Denial of Service Counter-Measure},
  author={Adam Back},
  howpublished = "\url{http://www.hashcash.org/papers/hashcash.pdf }",
  year={2002}
}

@article{Law1997,
  title={How to Make a Mint: The Cryptography of Anonymous Electronic Cash},
  author={Laurie Law and Susan Sabett and Jerome A. Solinas},
  journal={The American University law review},
  year={1997},
  volume={46},
  pages={6}
}

@misc{Buterin2014,
  title={Ethereum: A Next-Generation Smart Contract and Decentralized Application Platform},
  author={Buterin, Vitalik},
  year={2014},
  month={12},
  note={Whitepaper},
  url={https://ethereum.org/en/whitepaper/}
}

@article{Szabo1994,
  title={Smart contracts},
  author={Szabo, Nick},
  journal={Unpublished},
  year={1994}
}

@inproceedings{Goldwasser1985,
  author       = {Shafi Goldwasser and
                  Silvio Micali and
                  Charles Rackoff},
  editor       = {Robert Sedgewick},
  title        = {The Knowledge Complexity of Interactive Proof-Systems (Extended Abstract)},
  booktitle    = {Proceedings of the 17th Annual {ACM} Symposium on Theory of Computing,
                  May 6-8, 1985, Providence, Rhode Island, {USA}},
  pages        = {291--304},
  publisher    = {{ACM}},
  year         = {1985},
  url          = {https://doi.org/10.1145/22145.22178},
  doi          = {10.1145/22145.22178},
  timestamp    = {Wed, 14 Nov 2018 10:51:37 +0100},
  biburl       = {https://dblp.org/rec/conf/stoc/GoldwasserMR85.bib},
  bibsource    = {dblp computer science bibliography, https://dblp.org}
}

  
            @misc{Saberhagen2013,
      author    = {Nicolas van Saberhagen},
      title     = {{Cryptonote Monero Whitepaper}},
      year      = {2013},
      howpublished="\url{https://github.com/monero-project/research-lab/blob/master/whitepaper/whitepaper.pdf}",
      url       = {https://github.com/monero-project/research-lab/blob/master/whitepaper/whitepaper.pdf}
    }
    
      
            @misc{Duffield2014,
      author    = {Evan Duffield and Daniel Diaz},
      title     = {{Dash : A payments-focused}},
      year      = {2014},
      howpublished="\url{https://github.com/dashpay/dash/wiki/Whitepaper}",
      url       = {https://github.com/dashpay/dash/wiki/Whitepaper}
    }
    
    
    
    @article{Wen2021,
  author       = {Yujuan Wen and
                  Fengyuan Lu and
                  Yufei Liu and
                  Xinli Huang},
  title        = {Attacks and countermeasures on blockchains: {A} survey from layering
                  perspective},
  journal      = {Comput. Networks},
  volume       = {191},
  pages        = {107978},
  year         = {2021},
  url          = {https://doi.org/10.1016/j.comnet.2021.107978},
  doi          = {10.1016/j.comnet.2021.107978},
  timestamp    = {Thu, 29 Apr 2021 15:12:59 +0200},
  biburl       = {https://dblp.org/rec/journals/cn/WenLLH21.bib},
  bibsource    = {dblp computer science bibliography, https://dblp.org}
}

@article{Issa2023,
  author       = {Wael Issa and
                  Nour Moustafa and
                  Benjamin P. Turnbull and
                  Nasrin Sohrabi and
                  Zahir Tari},
  title        = {Blockchain-Based Federated Learning for Securing {Internet of Things}:
                  {A} Comprehensive Survey},
  journal      = {{ACM} Comput. Surv.},
  volume       = {55},
  number       = {9},
  pages        = {191:1--191:43},
  year         = {2023},
  url          = {https://doi.org/10.1145/3560816},
  doi          = {10.1145/3560816},
  timestamp    = {Sat, 25 Feb 2023 21:35:35 +0100},
  biburl       = {https://dblp.org/rec/journals/csur/IssaMTST23.bib},
  bibsource    = {dblp computer science bibliography, https://dblp.org}
}

@article{Yuan2018,
  author       = {Yong Yuan and
                  Fei{-}Yue Wang},
  title        = {Blockchain and Cryptocurrencies: Model, Techniques, and Applications},
  journal      = {{IEEE} Trans. Syst. Man Cybern. Syst.},
  volume       = {48},
  number       = {9},
  pages        = {1421--1428},
  year         = {2018},
  url          = {https://doi.org/10.1109/TSMC.2018.2854904},
  doi          = {10.1109/TSMC.2018.2854904},
  timestamp    = {Wed, 20 May 2020 16:24:06 +0200},
  biburl       = {https://dblp.org/rec/journals/tsmc/YuanW18.bib},
  bibsource    = {dblp computer science bibliography, https://dblp.org}
}


@article{Sharma2023,
  author       = {Ayushi Sharma and
                  Pratham Sharma and
                  Harsh Bamotra and
                  Vibha Gaur},
  title        = {An extended approach to appraise electricity distribution and carbon
                  footprint of bitcoin in a smart city},
  journal      = {Frontiers Big Data},
  volume       = {6},
  year         = {2023},
  url          = {https://doi.org/10.3389/fdata.2023.1082113},
  doi          = {10.3389/fdata.2023.1082113},
  timestamp    = {Wed, 08 Mar 2023 13:39:22 +0100},
  biburl       = {https://dblp.org/rec/journals/fdata/SharmaSBG23.bib},
  bibsource    = {dblp computer science bibliography, https://dblp.org}
}

@article{Stoll2019,
author = {Stoll, Christian and Klaaßen, Lena and Gallersdörfer, Ulrich},
year = {2019},
month = {06},
pages = {},
title = {The Carbon Footprint of Bitcoin},
volume = {3},
journal = {Joule},
doi = {10.1016/j.joule.2019.05.012}
}


@article{Qu2023,
  author       = {Youyang Qu and
                  Md. Palash Uddin and
                  Chenquan Gan and
                  Yong Xiang and
                  Longxiang Gao and
                  John Yearwood},
  title        = {Blockchain-enabled Federated Learning: {A} Survey},
  journal      = {{ACM} Comput. Surv.},
  volume       = {55},
  number       = {4},
  pages        = {70:1--70:35},
  year         = {2023},
  url          = {https://doi.org/10.1145/3524104},
  doi          = {10.1145/3524104},
  timestamp    = {Sun, 25 Dec 2022 14:02:42 +0100},
  biburl       = {https://dblp.org/rec/journals/csur/QuUGXGY23.bib},
  bibsource    = {dblp computer science bibliography, https://dblp.org}
}


@article{Qammar2023,
  author       = {Attia Qammar and
                  Ahmad Karim and
                  Huansheng Ning and
                  Jianguo Ding},
  title        = {Securing federated learning with blockchain: a systematic literature
                  review},
  journal      = {Artif. Intell. Rev.},
  volume       = {56},
  number       = {5},
  pages        = {3951--3985},
  year         = {2023},
  url          = {https://doi.org/10.1007/s10462-022-10271-9},
  doi          = {10.1007/s10462-022-10271-9},
  timestamp    = {Sat, 13 May 2023 01:06:57 +0200},
  biburl       = {https://dblp.org/rec/journals/air/QammarKND23.bib},
  bibsource    = {dblp computer science bibliography, https://dblp.org}
}

@INPROCEEDINGS{Dongkun2021,
  author={Hou, Dongkun and Zhang, Jie and Man, Ka Lok and Ma, Jieming and Peng, Zitian},
  booktitle={2021 2nd Information Communication Technologies Conference (ICTC)}, 
  title={A Systematic Literature Review of Blockchain-based Federated Learning: Architectures, Applications and Issues}, 
  year={2021},
  volume={},
  number={},
  pages={302-307},
  doi={10.1109/ICTC51749.2021.9441499}}
  
  @inproceedings{Lee2021,
  author       = {Haemin Lee and
                  Joongheon Kim},
  title        = {Trends in Blockchain and Federated Learning for Data Sharing in Distributed
                  Platforms},
  booktitle    = {Twelfth International Conference on Ubiquitous and Future Networks,
                  {ICUFN} 2021, Jeju Island, South Korea, August 17-20, 2021},
  pages        = {430--433},
  publisher    = {{IEEE}},
  year         = {2021},
  url          = {https://doi.org/10.1109/ICUFN49451.2021.9528593},
  doi          = {10.1109/ICUFN49451.2021.9528593},
  timestamp    = {Wed, 27 Jul 2022 14:32:11 +0200},
  biburl       = {https://dblp.org/rec/conf/icufn/LeeK21.bib},
  bibsource    = {dblp computer science bibliography, https://dblp.org}
}


@article{Yunlong2020,
  author       = {Yunlong Lu and
                  Xiaohong Huang and
                  Ke Zhang and
                  Sabita Maharjan and
                  Yan Zhang},
  title        = {Blockchain Empowered Asynchronous Federated Learning for Secure Data
                  Sharing in Internet of Vehicles},
  journal      = {{IEEE} Trans. Veh. Technol.},
  volume       = {69},
  number       = {4},
  pages        = {4298--4311},
  year         = {2020},
  url          = {https://doi.org/10.1109/TVT.2020.2973651},
  doi          = {10.1109/TVT.2020.2973651},
  timestamp    = {Mon, 09 Nov 2020 08:53:35 +0100},
  biburl       = {https://dblp.org/rec/journals/tvt/LuHZMZ20.bib},
  bibsource    = {dblp computer science bibliography, https://dblp.org}
}

@inproceedings{Ekparinya2020,
  author       = {Parinya Ekparinya and
                  Vincent Gramoli and
                  Guillaume Jourjon},
  title        = {The Attack of the Clones Against Proof-of-Authority},
  booktitle    = {27th Annual Network and Distributed System Security Symposium, {NDSS}
                  2020, San Diego, California, USA, February 23-26, 2020},
  publisher    = {The Internet Society},
  year         = {2020},
  url          = {https://www.ndss-symposium.org/ndss-paper/the-attack-of-the-clones-against-proof-of-authority/},
  timestamp    = {Mon, 01 Feb 2021 08:42:10 +0100},
  biburl       = {https://dblp.org/rec/conf/ndss/EkparinyaGJ20.bib},
  bibsource    = {dblp computer science bibliography, https://dblp.org}
}

@inproceedings{NDSSWang2022,
  author       = {Huibo Wang and
                  Guoxing Chen and
                  Yinqian Zhang and
                  Zhiqiang Lin},
  title        = {Multi-Certificate Attacks against Proof-of-Elapsed-Time and Their
                  Countermeasures},
  booktitle    = {29th Annual Network and Distributed System Security Symposium, {NDSS}
                  2022, San Diego, California, USA, April 24-28, 2022},
  publisher    = {The Internet Society},
  year         = {2022},
  url          = {https://www.ndss-symposium.org/ndss-paper/auto-draft-253/},
  timestamp    = {Wed, 14 Dec 2022 17:06:04 +0100},
  biburl       = {https://dblp.org/rec/conf/ndss/WangCZL22.bib},
  bibsource    = {dblp computer science bibliography, https://dblp.org}
}

@inproceedings{Castro1999,
  author       = {Miguel Castro and
                  Barbara Liskov},
  editor       = {Margo I. Seltzer and
                  Paul J. Leach},
  title        = {Practical Byzantine Fault Tolerance},
  booktitle    = {Proceedings of the Third {USENIX} Symposium on Operating Systems Design
                  and Implementation (OSDI), New Orleans, Louisiana, USA, February 22-25,
                  1999},
  pages        = {173--186},
  publisher    = {{USENIX} Association},
  year         = {1999},
  url          = {https://dl.acm.org/citation.cfm?id=296824},
  timestamp    = {Wed, 06 Nov 2019 16:45:49 +0100},
  biburl       = {https://dblp.org/rec/conf/osdi/CastroL99.bib},
  bibsource    = {dblp computer science bibliography, https://dblp.org}
}

@inproceedings{King2012,
  title={PPCoin: Peer-to-Peer Crypto-Currency with Proof-of-Stake},
  author={Sunny King and Scott Nadal},
  year={2012}
}

@article{Zhan2021,
  author       = {Yu Zhan and
                  Baocang Wang and
                  Rongxing Lu and
                  Yong Yu},
  title        = {{DRBFT:} Delegated randomization Byzantine fault tolerance consensus
                  protocol for blockchains},
  journal      = {Inf. Sci.},
  volume       = {559},
  pages        = {8--21},
  year         = {2021},
  url          = {https://doi.org/10.1016/j.ins.2020.12.077},
  doi          = {10.1016/j.ins.2020.12.077},
  timestamp    = {Thu, 08 Apr 2021 14:07:21 +0200},
  biburl       = {https://dblp.org/rec/journals/isci/ZhanWL021.bib},
  bibsource    = {dblp computer science bibliography, https://dblp.org}
}

@misc{Baird2018,
  author       = {Leemon Baird and Mance Harmon and Paul Madsen},
  howpublished = {"\url{https://hedera.com/hh_whitepaper_v2.1-20200815.pdf}"},
  title        = {Hedera: A Public Hashgraph Network \& Governing Council},
  year         = {2018}
}

@article{Guo2023,
  author       = {Fengyang Guo and
                  Xun Xiao and
                  Artur Hecker and
                  Schahram Dustdar},
  title        = {A Theoretical Model Characterizing Tangle Evolution in {IOTA} Blockchain
                  Network},
  journal      = {{IEEE} Internet Things J.},
  volume       = {10},
  number       = {2},
  pages        = {1259--1273},
  year         = {2023},
  url          = {https://doi.org/10.1109/JIOT.2022.3207513},
  doi          = {10.1109/JIOT.2022.3207513},
  timestamp    = {Tue, 31 Jan 2023 20:45:18 +0100},
  biburl       = {https://dblp.org/rec/journals/iotj/GuoXHD23.bib},
  bibsource    = {dblp computer science bibliography, https://dblp.org}
}

@article{Naresh2023,
  author       = {Vankamamidi Srinivasa Naresh and
                  V. V. L. Divakar Allavarpu and
                  Sivaranjani Reddi},
  title        = {Blockchain {IOTA} Sharding-Based Scalable Secure Group Communication
                  in Large VANETs},
  journal      = {{IEEE} Internet Things J.},
  volume       = {10},
  number       = {6, March 15},
  pages        = {5205--5213},
  year         = {2023},
  url          = {https://doi.org/10.1109/JIOT.2022.3222382},
  doi          = {10.1109/JIOT.2022.3222382},
  timestamp    = {Tue, 28 Mar 2023 19:49:55 +0200},
  biburl       = {https://dblp.org/rec/journals/iotj/NareshAR23.bib},
  bibsource    = {dblp computer science bibliography, https://dblp.org}
}

@article{Carelli2022,
  author       = {Alberto Carelli and
                  Andrea Palmieri and
                  Antonio Vilei and
                  Fabien Castanier and
                  Andrea Vesco},
  title        = {Enabling Secure Data Exchange through the {IOTA} Tangle for IoT Constrained
                  Devices},
  journal      = {Sensors},
  volume       = {22},
  number       = {4},
  pages        = {1384},
  year         = {2022},
  url          = {https://doi.org/10.3390/s22041384},
  doi          = {10.3390/s22041384},
  timestamp    = {Fri, 01 Apr 2022 11:24:31 +0200},
  biburl       = {https://dblp.org/rec/journals/sensors/CarelliPVCV22.bib},
  bibsource    = {dblp computer science bibliography, https://dblp.org}
}



     @misc{Breitman2014,
      author    = {Arthur Breitman and Kathleen Breitman},
      title     = {{Tezos — a self-amending crypto-ledger. White paper}},
      year      = {2014},
      howpublished = "\url{https://tezos.com/whitepaper.pdf}",
      url       = {https://tezos.com/whitepaper.pdf}
    }
    


    @inproceedings{Cooper2015,
  author       = {Colin Cooper and
                  Robert Els{\"{a}}sser and
                  Tomasz Radzik and
                  Nicolas Rivera and
                  Takeharu Shiraga},
  editor       = {Yoram Moses},
  title        = {Fast Consensus for Voting on General Expander Graphs},
  booktitle    = {Distributed Computing - 29th International Symposium, {DISC} 2015,
                  Tokyo, Japan, October 7-9, 2015, Proceedings},
  series       = {Lecture Notes in Computer Science},
  volume       = {9363},
  pages        = {248--262},
  publisher    = {Springer},
  year         = {2015},
  url          = {https://doi.org/10.1007/978-3-662-48653-5\_17},
  doi          = {10.1007/978-3-662-48653-5\_17},
  timestamp    = {Tue, 14 May 2019 10:00:54 +0200},
  biburl       = {https://dblp.org/rec/conf/wdag/CooperERRS15.bib},
  bibsource    = {dblp computer science bibliography, https://dblp.org}
}

@phdthesis{MallmannTrenn2017,
  author       = {Frederik Mallmann{-}Trenn},
  title        = {Probabilistic analysis of distributed processes with focus on consensus.
                  (Analyse probabiliste de processus distribu{\'{e}}s ax{\'{e}}s
                  sur les processus de consensus)},
  school       = {{PSL} Research University, Paris, France},
  year         = {2017},
  url          = {https://tel.archives-ouvertes.fr/tel-01832030},
  timestamp    = {Tue, 21 Jul 2020 00:40:37 +0200},
  biburl       = {https://dblp.org/rec/phd/hal/MallmannTrenn17.bib},
  bibsource    = {dblp computer science bibliography, https://dblp.org}
}

@article{Haque2021,
  author    = {A. K. M. Bahalul Haque and
               A. K. M. Najmul Islam and
               Sami Hyrynsalmi and
               Bilal Naqvi and
               Kari Smolander},
  title     = {{GDPR} Compliant Blockchains-A Systematic Literature Review},
  journal   = {{IEEE} Access},
  volume    = {9},
  pages     = {50593--50606},
  year      = {2021},
  url       = {https://doi.org/10.1109/ACCESS.2021.3069877},
  doi       = {10.1109/ACCESS.2021.3069877},
  timestamp = {Thu, 16 Sep 2021 17:59:38 +0200},
  biburl    = {https://dblp.org/rec/journals/access/HaqueIHNS21.bib},
  bibsource = {dblp computer science bibliography, https://dblp.org}
}

@article{Huang2017,
  author       = {Butian Huang and
                  Zhenguang Liu and
                  Jianhai Chen and
                  Anan Liu and
                  Qi Liu and
                  Qinming He},
  title        = {Behavior pattern clustering in blockchain networks},
  journal      = {Multim. Tools Appl.},
  volume       = {76},
  number       = {19},
  pages        = {20099--20110},
  year         = {2017},
  url          = {https://doi.org/10.1007/s11042-017-4396-4},
  doi          = {10.1007/s11042-017-4396-4},
  timestamp    = {Tue, 16 Aug 2022 23:07:02 +0200},
  biburl       = {https://dblp.org/rec/journals/mta/HuangLCLLH17.bib},
  bibsource    = {dblp computer science bibliography, https://dblp.org}
}

@misc{Digiconomist2023,
  author = "Digiconomist",
  title = "Bitcoin average energy consumption per transaction compared to that of VISA as of May 1, 2023 (in kilowatt-hours) [Graph]",
  howpublished = "https://www.statista.com/statistics/881541/bitcoin-energy-consumption-transaction-comparison-visa/",
  month = "May",
  year = "2023",
  url = "https://www.statista.com/statistics/881541/bitcoin-energy-consumption-transaction-comparison-visa/"
}

@misc{PEI2021,
  author = "The Polish Economic Institute",
  title = "Annual energy consumption for bitcoin, ethereum and selected European Union countries in 2019 (in terawatt hour) [Graph]",
  howpublished = "https://www.statista.com/statistics/1243388/eu-annual-energy-consumption-for-bitcoin-ethereum/",
  month = "June",
  year = "2021",
  url = "https://www.statista.com/statistics/1243388/eu-annual-energy-consumption-for-bitcoin-ethereum/"
}


@article{Mathur2023,
  author       = {Shikha Mathur and
                  Anshuman Kalla and
                  G{\"{u}}rkan G{\"{u}}r and
                  Manoj Kumar Bohra and
                  Madhusanka Liyanage},
  title        = {A Survey on Role of Blockchain for {IoT}: Applications and Technical
                  Aspects},
  journal      = {Comput. Networks},
  volume       = {227},
  pages        = {109726},
  year         = {2023},
  url          = {https://doi.org/10.1016/j.comnet.2023.109726},
  doi          = {10.1016/j.comnet.2023.109726},
  timestamp    = {Sat, 29 Apr 2023 19:27:28 +0200},
  biburl       = {https://dblp.org/rec/journals/cn/MathurKGBL23.bib},
  bibsource    = {dblp computer science bibliography, https://dblp.org}
}


@article{Bothra2023,
  author       = {Priyanka Bothra and
                  Raja Karmakar and
                  Sanjukta Bhattacharya and
                  Sayantani De},
  title        = {How can applications of blockchain and artificial intelligence improve
                  performance of Internet of Things? - {A} survey},
  journal      = {Comput. Networks},
  volume       = {224},
  pages        = {109634},
  year         = {2023},
  url          = {https://doi.org/10.1016/j.comnet.2023.109634},
  doi          = {10.1016/j.comnet.2023.109634},
  timestamp    = {Tue, 28 Mar 2023 19:51:08 +0200},
  biburl       = {https://dblp.org/rec/journals/cn/BothraKBD23.bib},
  bibsource    = {dblp computer science bibliography, https://dblp.org}
}


@article{Liu2023,
  author       = {Yijia Liu and
                  Jie Wang and
                  Zheng Yan and
                  Zhiguo Wan and
                  Riku J{\"{a}}ntti},
  title        = {A Survey on Blockchain-Based Trust Management for Internet of Things},
  journal      = {{IEEE} Internet Things J.},
  volume       = {10},
  number       = {7},
  pages        = {5898--5922},
  year         = {2023},
  url          = {https://doi.org/10.1109/JIOT.2023.3237893},
  doi          = {10.1109/JIOT.2023.3237893},
  timestamp    = {Sun, 16 Apr 2023 20:30:47 +0200},
  biburl       = {https://dblp.org/rec/journals/iotj/LiuWYWJ23.bib},
  bibsource    = {dblp computer science bibliography, https://dblp.org}
}


@article{Andoni2018,
author = {Andoni, Merlinda and Robu, Valentin and Flynn, D. and Abram, Simone and Geach, Dale and Jenkins, David and Mccallum, Peter and Peacock, Andrew},
year = {2018},
month = {11},
pages = {143-174},
title = {{B}lockchain technology in the energy sector: {A} systematic review of challenges and opportunities},
volume = {100},
journal = {Renewable and Sustainable Energy Reviews},
doi = {10.1016/j.rser.2018.10.014}
}


@book{Quiniou2019,
  title = {{G}lossary - {B}lockchain},
  author = {Matthieu Quiniou and Christophe Debonneuil},
  publisher = {Chaire UNESCO - ITEN},
  year = {2019},
  isbn = {979-10-91636-18-6}
}

@misc{SC2021,
author = {{Evaldas Drąsutis}},
    title={{IOTA Smart Contracts}},
    url={https://files.iota.org/papers/ISC_WP_Nov_10_2021.pdf},
    year={2021}
}


@inproceedings{Merkle87,
  author       = {Ralph C. Merkle},
  editor       = {Carl Pomerance},
  title        = {A Digital Signature Based on a Conventional Encryption Function},
  booktitle    = {Advances in Cryptology - {CRYPTO} '87, {A} Conference on the Theory
                  and Applications of Cryptographic Techniques, Santa Barbara, California,
                  USA, August 16-20, 1987, Proceedings},
  series       = {Lecture Notes in Computer Science},
  volume       = {293},
  pages        = {369--378},
  publisher    = {Springer},
  year         = {1987},
  url          = {https://doi.org/10.1007/3-540-48184-2\_32},
  doi          = {10.1007/3-540-48184-2\_32},
  timestamp    = {Tue, 14 May 2019 10:00:48 +0200},
  biburl       = {https://dblp.org/rec/conf/crypto/Merkle87.bib},
  bibsource    = {dblp computer science bibliography, https://dblp.org}
}


@misc{StatistaBTC2023,
  author    = {Blockchain.info},
  title     = {{Size of the Bitcoin blockchain from January 2009 to June 8, 2023}},
  booktitle = {Statista},
  year      = {2023},
  howpublished = {\url{https://www.statista.com/statistics/647523/worldwide-bitcoin-blockchain-size/}},
  url       = {https://www.statista.com/statistics/647523/worldwide-bitcoin-blockchain-size/}
}


@article{Alsadi2023,
  author       = {Amir Al Sadi and
                  Carlo Mazzocca and
                  Andrea Melis and
                  Rebecca Montanari and
                  Marco Prandini and
                  Nicol{\`{o}} Romandini},
  title        = {{P-IOTA:} {A} Cloud-Based Geographically Distributed Threat Alert
                  System That Leverages {P4} and {IOTA}},
  journal      = {Sensors},
  volume       = {23},
  number       = {6},
  pages        = {2955},
  year         = {2023},
  url          = {https://doi.org/10.3390/s23062955},
  doi          = {10.3390/s23062955},
  timestamp    = {Wed, 17 May 2023 21:57:05 +0200},
  biburl       = {https://dblp.org/rec/journals/sensors/SadiMMMPR23.bib},
  bibsource    = {dblp computer science bibliography, https://dblp.org}
}