@article{Boyes2018,
  author    = {Hugh Boyes and
               Bil Hallaq and
               Joe Cunningham and
               Tim Watson},
  title     = {The industrial internet of things {(IIoT)}: An analysis framework},
  journal   = {Comput. Ind.},
  volume    = {101},
  pages     = {1--12},
  year      = {2018},
  url       = {https://doi.org/10.1016/j.compind.2018.04.015},
  doi       = {10.1016/j.compind.2018.04.015},
  timestamp = {Tue, 18 Feb 2020 09:54:22 +0100},
  biburl    = {https://dblp.org/rec/journals/cii/BoyesHCW18.bib},
  bibsource = {dblp computer science bibliography, https://dblp.org}
}

@article{Berte2018,
author = {Berte, Dan-Radu},
year = {2018},
month = {05},
pages = {118-128},
title = {Defining the {IoT}},
volume = {12},
journal = {Proceedings of the International Conference on Business Excellence},
doi = {10.2478/picbe-2018-0013}
}


@techreport{NISTIR8200,
  title={NISTIR 8200: Interagency Report on the Status of International Cybersecurity Standardization for the Internet of Things {(IoT)}},
  author={{National Institute of Standards and Technology}},
  year={2018},
  institution={{U.S. Department of Commerce, National Institute of Standards and Technology}},
  url={https://doi.org/10.6028/NIST.IR.8200},
  doi={10.6028/NIST.IR.8200},
}

@misc{StatistaIoT2023,
  author    = {Transforma Insights},
  title     = {{Number of Internet of Things {(IoT)} connected devices worldwide from 2019 to 2030, by vertical (in millions)}},
  booktitle = {Statista},
  year      = {2023},
  howpublished = {\url{https://www.statista.com/statistics/1194682/iot-connected-devices-vertically/}},
  url       = {https://www.statista.com/statistics/1194682/iot-connected-devices-vertically/}
}

@article{Ali2021,
  author       = {Mansoor Ali and
                  Hadis Karimipour and
                  Muhammad Tariq},
  title        = {Integration of blockchain and federated learning for {Internet of Things}:
                  Recent advances and future challenges},
  journal      = {Comput. Secur.},
  volume       = {108},
  pages        = {102355},
  year         = {2021},
  url          = {https://doi.org/10.1016/j.cose.2021.102355},
  doi          = {10.1016/j.cose.2021.102355},
  timestamp    = {Sat, 08 Jan 2022 02:21:55 +0100},
  biburl       = {https://dblp.org/rec/journals/compsec/AliKT21.bib},
  bibsource    = {dblp computer science bibliography, https://dblp.org}
}

@ARTICLE{Jiang2022,
  author={Bian, Jiang and Arafat, Abdullah Al and Xiong, Haoyi and Li, Jing and Li, Li and Chen, Hongyang and Wang, Jun and Dou, Dejing and Guo, Zhishan},
  journal={IEEE Internet of Things Journal}, 
  title={Machine Learning in Real-Time {Internet of Things (IoT)} Systems: A Survey}, 
  year={2022},
  volume={9},
  number={11},
  pages={8364-8386},
  doi={10.1109/JIOT.2022.3161050}}
  
  
  @phdthesis{Lundbaek2020,
  author       = {Leif{-}Nissen Lundbaek},
  title        = {Energy-efficient and decentralized access control: a framework for
                  embedded systems and mobility},
  school       = {Imperial College London, {UK}},
  year         = {2020},
  url          = {https://ethos.bl.uk/OrderDetails.do?uin=uk.bl.ethos.810679},
  doi          = {10.25560/80151},
  timestamp    = {Sat, 25 Jun 2022 17:45:56 +0200},
  biburl       = {https://dblp.org/rec/phd/ethos/Lundbaek20.bib},
  bibsource    = {dblp computer science bibliography, https://dblp.org}
}

@article{Gao2022,
  author       = {Ningjie Gao and
                  Ru Huo and
                  Shuo Wang and
                  Tao Huang and
                  Yun{-}jie Liu},
  title        = {Sharding-Hashgraph: {A} High-Performance Blockchain-Based Framework
                  for Industrial Internet of Things With Hashgraph Mechanism},
  journal      = {{IEEE} Internet Things J.},
  volume       = {9},
  number       = {18},
  pages        = {17070--17079},
  year         = {2022},
  url          = {https://doi.org/10.1109/JIOT.2021.3126895},
  doi          = {10.1109/JIOT.2021.3126895},
  timestamp    = {Thu, 22 Sep 2022 19:58:21 +0200},
  biburl       = {https://dblp.org/rec/journals/iotj/GaoHWHL22.bib},
  bibsource    = {dblp computer science bibliography, https://dblp.org}
}

@article{Jha2022,
  author       = {Sudan Jha and
                  Nishant Jha and
                  Deepak Prashar and
                  Sultan Ahmad and
                  Bader Alouffi and
                  Abdullah Alharbi},
  title        = {Integrated {IoT}-Based Secure and Efficient Key Management Framework
                  Using Hashgraphs for Autonomous Vehicles to Ensure Road Safety},
  journal      = {Sensors},
  volume       = {22},
  number       = {7},
  pages        = {2529},
  year         = {2022},
  url          = {https://doi.org/10.3390/s22072529},
  doi          = {10.3390/s22072529},
  timestamp    = {Tue, 21 Mar 2023 21:04:08 +0100},
  biburl       = {https://dblp.org/rec/journals/sensors/JhaJPAAA22.bib},
  bibsource    = {dblp computer science bibliography, https://dblp.org}
}**

@inproceedings{Tarlan2022,
  author       = {Ozan Tarlan and
                  Ilgin Safak and
                  K{\"{u}}bra Kalkan},
  title        = {{DiBLIoT}: {A} Distributed Blacklisting Protocol for {IoT} Device Classification
                  Using the Hashgraph Consensus Algorithm},
  booktitle    = {International Conference on Information Networking, {ICOIN} 2022,
                  Jeju-si, Republic of Korea, January 12-15, 2022},
  pages        = {84--89},
  publisher    = {{IEEE}},
  year         = {2022},
  url          = {https://doi.org/10.1109/ICOIN53446.2022.9687198},
  doi          = {10.1109/ICOIN53446.2022.9687198},
  timestamp    = {Tue, 01 Feb 2022 17:24:20 +0100},
  biburl       = {https://dblp.org/rec/conf/icoin/TarlanSK22.bib},
  bibsource    = {dblp computer science bibliography, https://dblp.org}
}

@inproceedings{Bansal2020,
  author       = {Gaurang Bansal and
                  Ashutosh Bhatia},
  title        = {A Fast, Secure and Distributed Consensus Mechanism for Energy Trading
                  Among Vehicles using Hashgraph},
  booktitle    = {2020 International Conference on Information Networking, {ICOIN} 2020,
                  Barcelona, Spain, January 7-10, 2020},
  pages        = {772--777},
  publisher    = {{IEEE}},
  year         = {2020},
  url          = {https://doi.org/10.1109/ICOIN48656.2020.9016440},
  doi          = {10.1109/ICOIN48656.2020.9016440},
  timestamp    = {Tue, 29 Dec 2020 18:36:06 +0100},
  biburl       = {https://dblp.org/rec/conf/icoin/BansalB20.bib},
  bibsource    = {dblp computer science bibliography, https://dblp.org}
}


@article{Omolara2022,
  author       = {Abiodun Esther Omolara and
                  Abdullah Alabdulatif and
                  Oludare Isaac Abiodun and
                  Moatsum Alawida and
                  Abdulatif Alabdulatif and
                  Wafa' Hamdan Alshoura and
                  Humaira Arshad},
  title        = {The internet of things security: {A} survey encompassing unexplored
                  areas and new insights},
  journal      = {Comput. Secur.},
  volume       = {112},
  pages        = {102494},
  year         = {2022},
  url          = {https://doi.org/10.1016/j.cose.2021.102494},
  doi          = {10.1016/j.cose.2021.102494},
  timestamp    = {Wed, 05 Jan 2022 16:46:12 +0100},
  biburl       = {https://dblp.org/rec/journals/compsec/OmolaraAAAAAA22.bib},
  bibsource    = {dblp computer science bibliography, https://dblp.org}
}

@ARTICLE{Abdaoui2022,
  author={Abdaoui, Abderrazak and Erbad, Aiman and Al-Ali, Abdulla Khalid and Mohamed, Amr and Guizani, Mohsen},
  journal={IEEE Internet of Things Journal}, 
  title={Fuzzy Elliptic Curve Cryptography for Authentication in {Internet of Things}}, 
  year={2022},
  volume={9},
  number={12},
  pages={9987-9998},
  doi={10.1109/JIOT.2021.3121350}}


  @ARTICLE{Ayoub2021,
  author={Ayoub, Omran and De Sousa, Amaro and Mendieta, Silvia and Musumeci, Francesco and Tornatore, Massimo},
  journal={IEEE Transactions on Network and Service Management},
  title={Online Virtual Machine Evacuation for Disaster Resilience in Inter-Data Center Networks}, 
  year={2021},
  volume={18},
  number={2},
  pages={1990-2001},
  doi={10.1109/TNSM.2021.3056766}}
  

  @INPROCEEDINGS{Zhang2020,
  author={Zhang, Wei Emma and Sheng, Quan Z. and Mahmood, Adnan and Tran, Dai Hoang and Zaib, Munazza and Hamad, Salma Abdalla and Aljubairy, Abdulwahab and Alhazmi, Ahoud Abdulrahmn F. and Sagar, Subhash and Ma, Congbo},
  booktitle={2020 IEEE 6th International Conference on Collaboration and Internet Computing (CIC)}, 
  title={The 10 Research Topics in the {Internet of Things}}, 
  year={2020},
  volume={},
  number={},
  pages={34-43},
  doi={10.1109/CIC50333.2020.00015}}