@inproceedings{Wuyts2015,
  author       = {Kim Wuyts and
                  Dimitri Van Landuyt and
                  Aram Hovsepyan and
                  Wouter Joosen},
  editor       = {Hisham M. Haddad and
                  Roger L. Wainwright and
                  Richard Chbeir},
  title        = {Effective and efficient privacy threat modeling through domain refinements},
  booktitle    = {Proceedings of the 33rd Annual {ACM} Symposium on Applied Computing,
                  {SAC} 2018, Pau, France, April 09-13, 2018},
  pages        = {1175--1178},
  publisher    = {{ACM}},
  year         = {2018},
  url          = {https://doi.org/10.1145/3167132.3167414},
  doi          = {10.1145/3167132.3167414},
  timestamp    = {Thu, 14 Oct 2021 10:14:12 +0200},
  biburl       = {https://dblp.org/rec/conf/sac/WuytsLHJ18.bib},
  bibsource    = {dblp computer science bibliography, https://dblp.org}
}
@article{Park2004,
  author    = {Jaehong Park and
               Ravi S. Sandhu},
  title     = {The {UCON}\({}_{\mbox{ABC}}\) usage control model},
  journal   = {{ACM} Trans. Inf. Syst. Secur.},
  volume    = {7},
  number    = {1},
  pages     = {128--174},
  year      = {2004},
  url       = {https://doi.org/10.1145/984334.984339},
  doi       = {10.1145/984334.984339},
  timestamp = {Tue, 06 Nov 2018 12:50:47 +0100},
  biburl    = {https://dblp.org/rec/journals/tissec/ParkS04.bib},
  bibsource = {dblp computer science bibliography, https://dblp.org}
}
  
  
  @ARTICLE{Malkin2023,
  author={Malkin, Nathan},
  journal={IEEE Security \& Privacy}, 
  title={Contextual Integrity, Explained: A More Usable Privacy Definition}, 
  year={2023},
  volume={21},
  number={1},
  pages={58-65},
  doi={10.1109/MSEC.2022.3201585}}


@article{Tang2021,
  author    = {Jenny Tang and
               Hannah Shoemaker and
               Ada Lerner and
               Eleanor Birrell},
  title     = {Defining Privacy: How Users Interpret Technical Terms in Privacy Policiess},
  journal   = {Proc. Priv. Enhancing Technol.},
  volume    = {2021},
  number    = {3},
  pages     = {70--94},
  year      = {2021},
  url       = {https://doi.org/10.2478/popets-2021-0038},
  doi       = {10.2478/popets-2021-0038},
  timestamp = {Fri, 21 May 2021 15:59:48 +0200},
  biburl    = {https://dblp.org/rec/journals/popets/TangSLB21.bib},
  bibsource = {dblp computer science bibliography, https://dblp.org}
}

@inproceedings{Elmimouni2023,
  author    = {Houda Elmimouni and
               Erica Shusas and
               Patrick Skeba and
               Eric P. S. Baumer and
               Andrea Forte},
  editor    = {Isaac Sserwanga and
               Anne Goulding and
               Heather Moulaison Sandy and
               Jia Tina Du and
               Ant{\'{o}}nio Lucas Soares and
               Viviane Hessami and
               Rebecca D. Frank},
  title     = {What Makes a Technology Privacy Enhancing? Laypersons' and Experts'
               Descriptions, Uses, and Perceptions of Privacy Enhancing Technologies},
  booktitle = {Information for a Better World: Normality, Virtuality, Physicality,
               Inclusivity - 18th International Conference, iConference 2023, Virtual
               Event, March 13-17, 2023, Proceedings, Part {II}},
  series    = {Lecture Notes in Computer Science},
  volume    = {13972},
  pages     = {229--250},
  publisher = {Springer},
  year      = {2023},
  url       = {https://doi.org/10.1007/978-3-031-28032-0\_20},
  doi       = {10.1007/978-3-031-28032-0\_20},
  timestamp = {Tue, 28 Mar 2023 19:49:31 +0200},
  biburl    = {https://dblp.org/rec/conf/iconference/ElmimouniSSBF23.bib},
  bibsource = {dblp computer science bibliography, https://dblp.org}
}

@article{Alibeigi2019,
author = {Alibeigi, Ali and Munir, Abu and Karim, Md},
year = {2019},
month = {01},
pages = {},
title = {Right to Privacy, A Complicated Concept to Review},
journal = {SSRN Electronic Journal},
doi = {10.2139/ssrn.3537968}
}

@article{Moore2008,
author = {Moore, Adam},
year = {2008},
month = {09},
pages = {},
title = {Defining Privacy},
volume = {39},
journal = {Journal of Social Philosophy},
doi = {10.1111/j.1467-9833.2008.00433.x}
}

    @misc{IAPP2023,
      author    = {{IAPP}},
      title     = {{What is privacy?}},
      year      = {2023},
      howpublished = {\url{https://iapp.org/about/what-is-privacy/}},  
      url       = {https://iapp.org/about/what-is-privacy/}
    }
    
    

@inproceedings{Pretschner2011,
  author    = {Alexander Pretschner and
               Enrico Lovat and
               Matthias B{\"{u}}chler},
  editor    = {Joaqu{\'{\i}}n Garc{\'{\i}}a{-}Alfaro and
               Guillermo Navarro{-}Arribas and
               Nora Cuppens{-}Boulahia and
               Sabrina De Capitani di Vimercati},
  title     = {Representation-Independent Data Usage Control},
  booktitle = {Data Privacy Management and Autonomous Spontaneus Security - 6th International
               Workshop, {DPM} 2011, and 4th International Workshop, {SETOP} 2011,
               Leuven, Belgium, September 15-16, 2011, Revised Selected Papers},
  series    = {Lecture Notes in Computer Science},
  volume    = {7122},
  pages     = {122--140},
  publisher = {Springer},
  year      = {2011},
  url       = {https://doi.org/10.1007/978-3-642-28879-1\_9},
  doi       = {10.1007/978-3-642-28879-1\_9},
  timestamp = {Fri, 27 Dec 2019 21:19:57 +0100},
  biburl    = {https://dblp.org/rec/conf/esorics/PretschnerLB11.bib},
  bibsource = {dblp computer science bibliography, https://dblp.org}
}    

@inproceedings{Martinelli2019,
  author    = {Fabio Martinelli and
               Paolo Mori and
               Andrea Saracino and
               Francesco Di Cerbo},
  title     = {Obligation Management in Usage Control Systems},
  booktitle = {27th Euromicro International Conference on Parallel, Distributed and
               Network-Based Processing, {PDP} 2019, Pavia, Italy, February 13-15,
               2019},
  pages     = {356--364},
  publisher = {{IEEE}},
  year      = {2019},
  url       = {https://doi.org/10.1109/EMPDP.2019.8671586},
  doi       = {10.1109/EMPDP.2019.8671586},
  timestamp = {Fri, 27 Mar 2020 09:00:08 +0100},
  biburl    = {https://dblp.org/rec/conf/pdp/MartinelliMSC19.bib},
  bibsource = {dblp computer science bibliography, https://dblp.org}
}


@INPROCEEDINGS{Athareh2021,
  author={Fatemian, Athareh and Zamani, Bahman and Masoumi, Marzieh and Kamranpour, Mehran and Ladani, Behrouz Tork and Rahimi, Shekoufeh Kolahdouz},
  booktitle={2021 11th International Conference on Computer Engineering and Knowledge (ICCKE)}, 
  title={Automatic Generation of {XACML} Code using Model-Driven Approach}, 
  year={2021},
  volume={},
  number={},
  pages={206-211},
  doi={10.1109/ICCKE54056.2021.9721518}}
  
  @inproceedings{Nergaard2015,
  author       = {Henrik Nergaard and
                  Nils Ulltveit{-}Moe and
                  Terje Gj{\o}s{\ae}ter},
  editor       = {Olivier Camp and
                  Edgar R. Weippl and
                  Christophe Bidan and
                  Esma A{\"{\i}}meur},
  title        = {A Scratch-based Graphical Policy Editor for {XACML}},
  booktitle    = {{ICISSP} 2015 - Proceedings of the 1st International Conference on
                  Information Systems Security and Privacy, ESEO, Angers, Loire Valley,
                  France, 9-11 February, 2015},
  pages        = {182--190},
  publisher    = {SciTePress},
  year         = {2015},
  url          = {https://doi.org/10.5220/0005240101820190},
  doi          = {10.5220/0005240101820190},
  timestamp    = {Mon, 09 Aug 2021 17:01:45 +0200},
  biburl       = {https://dblp.org/rec/conf/icissp/NergaardUG15.bib},
  bibsource    = {dblp computer science bibliography, https://dblp.org}
}

@article{Enck2014,
  author       = {William Enck and
                  Peter Gilbert and
                  Byung{-}Gon Chun and
                  Landon P. Cox and
                  Jaeyeon Jung and
                  Patrick D. McDaniel and
                  Anmol Sheth},
  title        = {TaintDroid: an information flow tracking system for real-time privacy
                  monitoring on smartphones},
  journal      = {Commun. {ACM}},
  volume       = {57},
  number       = {3},
  pages        = {99--106},
  year         = {2014},
  url          = {https://doi.org/10.1145/2494522},
  doi          = {10.1145/2494522},
  timestamp    = {Wed, 14 Nov 2018 10:22:36 +0100},
  biburl       = {https://dblp.org/rec/journals/cacm/EnckGCCJMS14.bib},
  bibsource    = {dblp computer science bibliography, https://dblp.org}
}

@article{Zheng2007,
  author       = {Lantian Zheng and
                  Andrew C. Myers},
  title        = {Dynamic security labels and static information flow control},
  journal      = {Int. J. Inf. Sec.},
  volume       = {6},
  number       = {2-3},
  pages        = {67--84},
  year         = {2007},
  url          = {https://doi.org/10.1007/s10207-007-0019-9},
  doi          = {10.1007/s10207-007-0019-9},
  timestamp    = {Sat, 27 May 2017 14:25:24 +0200},
  biburl       = {https://dblp.org/rec/journals/ijisec/ZhengM07.bib},
  bibsource    = {dblp computer science bibliography, https://dblp.org}
}


@article{Hu2021,
  author       = {Wei Hu and
                  Armaiti Ardeshiricham and
                  Ryan Kastner},
  title        = {Hardware Information Flow Tracking},
  journal      = {{ACM} Comput. Surv.},
  volume       = {54},
  number       = {4},
  pages        = {83:1--83:39},
  year         = {2022},
  url          = {https://doi.org/10.1145/3447867},
  doi          = {10.1145/3447867},
  timestamp    = {Wed, 23 Nov 2022 16:16:45 +0100},
  biburl       = {https://dblp.org/rec/journals/csur/HuAK21.bib},
  bibsource    = {dblp computer science bibliography, https://dblp.org}
}


@article{Denning1976,
  author       = {Dorothy E. Denning},
  title        = {A Lattice Model of Secure Information Flow},
  journal      = {Commun. {ACM}},
  volume       = {19},
  number       = {5},
  pages        = {236--243},
  year         = {1976},
  url          = {https://doi.org/10.1145/360051.360056},
  doi          = {10.1145/360051.360056},
  timestamp    = {Wed, 14 Nov 2018 10:22:33 +0100},
  biburl       = {https://dblp.org/rec/journals/cacm/Denning76.bib},
  bibsource    = {dblp computer science bibliography, https://dblp.org}
}

@inproceedings{Bertolino2012,
  author       = {Antonia Bertolino and
                  Said Daoudagh and
                  Francesca Lonetti and
                  Eda Marchetti},
  editor       = {Giuliano Antoniol and
                  Antonia Bertolino and
                  Yvan Labiche},
  title        = {Automatic {XACML} Requests Generation for Policy Testing},
  booktitle    = {Fifth {IEEE} International Conference on Software Testing, Verification
                  and Validation, {ICST} 2012, Montreal, QC, Canada, April 17-21, 2012},
  pages        = {842--849},
  publisher    = {{IEEE} Computer Society},
  year         = {2012},
  url          = {https://doi.org/10.1109/ICST.2012.185},
  doi          = {10.1109/ICST.2012.185},
  timestamp    = {Thu, 23 Mar 2023 23:58:21 +0100},
  biburl       = {https://dblp.org/rec/conf/icst/BertolinoDLM12.bib},
  bibsource    = {dblp computer science bibliography, https://dblp.org}
}

@inproceedings{Xu2020,
  author       = {Dianxiang Xu and
                  Roshan Shrestha and
                  Ning Shen},
  editor       = {Jorge Lobo and
                  Scott D. Stoller and
                  Peng Liu},
  title        = {Automated Strong Mutation Testing of {XACML} Policies},
  booktitle    = {Proceedings of the 25th {ACM} Symposium on Access Control Models and
                  Technologies, {SACMAT} 2020, Barcelona, Spain, June 10-12, 2020},
  pages        = {105--116},
  publisher    = {{ACM}},
  year         = {2020},
  url          = {https://doi.org/10.1145/3381991.3395599},
  doi          = {10.1145/3381991.3395599},
  timestamp    = {Sun, 14 Jun 2020 11:27:33 +0200},
  biburl       = {https://dblp.org/rec/conf/sacmat/XuSS20.bib},
  bibsource    = {dblp computer science bibliography, https://dblp.org}
}


@inproceedings{Koshy2014,
  author       = {Philip Koshy and
                  Diana Koshy and
                  Patrick D. McDaniel},
  editor       = {Nicolas Christin and
                  Reihaneh Safavi{-}Naini},
  title        = {An Analysis of Anonymity in Bitcoin Using {P2P} Network Traffic},
  booktitle    = {Financial Cryptography and Data Security - 18th International Conference,
                  {FC} 2014, Christ Church, Barbados, March 3-7, 2014, Revised Selected
                  Papers},
  series       = {Lecture Notes in Computer Science},
  volume       = {8437},
  pages        = {469--485},
  publisher    = {Springer},
  year         = {2014},
  url          = {https://doi.org/10.1007/978-3-662-45472-5\_30},
  doi          = {10.1007/978-3-662-45472-5\_30},
  timestamp    = {Tue, 21 Mar 2023 20:59:40 +0100},
  biburl       = {https://dblp.org/rec/conf/fc/KoshyKM14.bib},
  bibsource    = {dblp computer science bibliography, https://dblp.org}
}

@misc{rfc4949,
    series =    {Request for Comments},
    number =    4949,
    howpublished =  {RFC 4949},
    publisher = {RFC Editor},
    doi =       {10.17487/RFC4949},
    url =       {https://www.rfc-editor.org/info/rfc4949},
        author =    {Robert W. Shirey},
    title =     {{Internet Security Glossary, Version 2}},
    pagetotal = 365,
    year =      2007,
    month =     aug,
    abstract =  {This Glossary provides definitions, abbreviations, and explanations of terminology for information system security. The 334 pages of entries offer recommendations to improve the comprehensibility of written material that is generated in the Internet Standards Process (RFC 2026). The recommendations follow the principles that such writing should (a) use the same term or definition whenever the same concept is mentioned; (b) use terms in their plainest, dictionary sense; (c) use terms that are already well-established in open publications; and (d) avoid terms that either favor a particular vendor or favor a particular technology or mechanism over other, competing techniques that already exist or could be developed. This memo provides information for the Internet community.},
}

@misc{Axiomatics2023,
	author = {Axiomatics},
	title = {e{X}tensible {A}ccess {C}ontrol {M}arkup {L}anguage ({X}{A}{C}{M}{L}) --- axiomatics.com},
	howpublished = {\url{https://axiomatics.com/resources/reference-library/extensible-access-control-markup-language-xacml}},
	year = {2023},
	note = {[Accessed 18-Jun-2023]},
}


@incollection{Patil2009,
  author       = {Sameer Patil and
                  Alfred Kobsa},
  editor       = {Panos Markopoulos and
                  Boris E. R. de Ruyter and
                  Wendy E. Mackay},
  title        = {Privacy Considerations in Awareness Systems: Designing with Privacy
                  in Mind},
  booktitle    = {Awareness Systems - Advances in Theory, Methodology and Design},
  series       = {Human-Computer Interaction Series},
  pages        = {187--206},
  publisher    = {Springer},
  year         = {2009},
  url          = {https://doi.org/10.1007/978-1-84882-477-5\_8},
  doi          = {10.1007/978-1-84882-477-5\_8},
  timestamp    = {Wed, 01 Jul 2020 21:28:36 +0200},
  biburl       = {https://dblp.org/rec/series/hci/PatilK09.bib},
  bibsource    = {dblp computer science bibliography, https://dblp.org}
}


@INPROCEEDINGS{Fedrecheski2020,
  author={Fedrecheski, Geovane and Rabaey, Jan M. and Costa, Laisa C. P. and Calcina Ccori, Pablo C. and Pereira, William T. and Zuffo, Marcelo K.},
  booktitle={2020 Global Internet of Things Summit (GIoTS)}, 
  title={Self-Sovereign Identity for {IoT} environments: A Perspective}, 
  year={2020},
  volume={},
  number={},
  pages={1-6},
  doi={10.1109/GIOTS49054.2020.9119664}}


  @INPROCEEDINGS{Gebresilassie2020,
  author={Gebresilassie, Samson Kahsay and Rafferty, Joseph and Morrow, Philip and Chen, Liming and Abu-Tair, Mamun and Cui, Zhan},
  booktitle={2020 IEEE 6th World Forum on Internet of Things (WF-IoT)}, 
  title={Distributed, Secure, Self-Sovereign Identity for {IoT} Devices}, 
  year={2020},
  volume={},
  number={},
  pages={1-6},
  doi={10.1109/WF-IoT48130.2020.9221144}}

  @misc{IOTA2020,
	author = {Mathew Yarger},
	title = {The Case for a Unified Identity. Our Vision for a Unified Identity Protocol
on the Tangle for Things, Organizations,and Individuals},
	howpublished = {\url{https://files.iota.org/comms/IOTA_The_Case_for_a_Unified_Identity.pdf}},
	year = {2020}
}


@article{Warren1890,
 ISSN = {0017811X},
 URL = {http://www.jstor.org/stable/1321160},
 author = {Samuel D. Warren and Louis D. Brandeis},
 journal = {Harvard Law Review},
 number = {5},
 pages = {193--220},
 publisher = {The Harvard Law Review Association},
 title = {The Right to Privacy},
 urldate = {2023-06-26},
 volume = {4},
 year = {1890}
}

@book{Westin1968,
  title={Privacy and {F}zreedom},
  author={Westin, A.F. and Solove, D.J.},
  isbn={9781935439974},
  lccn={78520991},
  url={https://books.google.fr/books?id=1RXqoAEACAAJ},
  year={1968},
  publisher={Ig Publishing}
}



@article{Lazouski2010,
  author       = {Aliaksandr Lazouski and
                  Fabio Martinelli and
                  Paolo Mori},
  title        = {Usage control in computer security: {A} survey},
  journal      = {Comput. Sci. Rev.},
  volume       = {4},
  number       = {2},
  pages        = {81--99},
  year         = {2010},
  url          = {https://doi.org/10.1016/j.cosrev.2010.02.002},
  doi          = {10.1016/j.cosrev.2010.02.002},
  timestamp    = {Fri, 27 Mar 2020 08:40:56 +0100},
  biburl       = {https://dblp.org/rec/journals/csr/LazouskiMM10.bib},
  bibsource    = {dblp computer science bibliography, https://dblp.org}
}